
@article{BGS75,
  author  = {Baker, T. and Gill, J. and Solovay, R.},
  title   = {Relativizations of the {P} vs {NP} Question},
  journal = {SIAM J. Comput.},
  year    = {1975},
  volume  = {4},
  number  = {4},
  pages   = {431--442}
}

@inproceedings{RR97,
  author    = {Razborov, A. and Rudich, S.},
  title     = {Natural Proofs},
  booktitle = {Proceedings of STOC '97},
  pages     = {204--213},
  year      = {1997}
}

@article{AW09,
  author  = {Aaronson, S. and Wigderson, A.},
  title   = {Algebrization: A New Barrier in Complexity Theory},
  journal = {ACM Trans. Comput. Theory},
  year    = {2009},
  volume  = {1},
  number  = {1},
  pages   = {1--54}
}

@article{Krajicek2025,
  author  = {Jan Krajicek},
  title   = {On NP ∩ coNP proof complexity generators},
  journal = {arXiv preprint arXiv:2506.20221},
  year    = {2025}
}

@book{Sipser06,
  author    = {Michael Sipser},
  title     = {Introduction to the Theory of Computation},
  publisher = {Cengage Learning},
  year      = {2006},
  edition   = {2nd}
}

@article{Cook71,
  author  = {Stephen Cook},
  title   = {The complexity of theorem-proving procedures},
  journal = {Proceedings of the third annual ACM symposium on Theory of computing},
  pages   = {151--158},
  year    = {1971}
}

@article{Karp72,
  author  = {Richard M. Karp},
  title   = {Reducibility among Combinatorial Problems},
  journal = {Complexity of Computer Computations},
  pages   = {85--103},
  year    = {1972}
}

@book{KrajicekBook,
  author    = {Jan Krajicek},
  title     = {Bounded Arithmetic, Propositional Logic, and Complexity Theory},
  publisher = {Cambridge University Press},
  year      = {1995}
}

@article{FortnowSanthanam08,
  author  = {Lance Fortnow and Rahul Santhanam},
  title   = {Hierarchy Theorems for Probabilistic Polynomial Time},
  journal = {Journal of the ACM (JACM)},
  volume  = {55},
  number  = {3},
  pages   = {1--20},
  year    = {2008}
}

@article{Impagliazzo95,
  author  = {Russell Impagliazzo},
  title   = {A personal view of average-case complexity},
  journal = {Proceedings of the 10th Annual Structure in Complexity Theory Conference},
  year    = {1995},
  pages   = {134--147}
}

@article{Mitchell80,
  author  = {Tom M. Mitchell},
  title   = {Self-improving computer programs},
  journal = {Machine Learning},
  year    = {1980},
  volume  = {1},
  number  = {1},
  pages   = {1--20}
}

@article{Schmidhuber07,
  author  = {Jürgen Schmidhuber},
  title   = {Gödel Machines: Fully Self-Referential Optimal Universal Self-Improvers},
  journal = {Fundamenta Informaticae},
  year    = {2007},
  volume  = {74},
  number  = {1},
  pages   = {87--117}
}

@article{AaronsonQuantum,
  author  = {Scott Aaronson},
  title   = {Quantum Computing and Complexity Theory},
  journal = {ACM SIGACT News},
  volume  = {36},
  number  = {1},
  pages   = {30--52},
  year    = {2005}
}

@article{KolmogorovComplexity,
  author  = {Ming Li and Paul Vitanyi},
  title   = {An Introduction to Kolmogorov Complexity and Its Applications},
  journal = {Springer},
  year    = {2008}
}

@misc{Rafig25,
  author    = {Rafig Huseynzade},
  title     = {Structurally-Aware Turing Machines and Complexity Barriers},
  year      = {2025},
  note      = {Manuscript},
  howpublished = {\url{https://github.com/rafig-dev/SA-TM}}
}
@article{Regev05,
  author = {Oded Regev},
  title = {On Lattices, Learning with Errors, Random Linear Codes, and Cryptography},
  journal = {Journal of the ACM},
  year = {2005},
  volume = {56},
  number = {6},
  pages = {34}
}

@book{AroraBarak,
  author = {Sanjeev Arora and Boaz Barak},
  title = {Computational Complexity: A Modern Approach},
  publisher = {Cambridge University Press},
  year = {2009}
}

@article{Unruh2015,
  author = {Dominique Unruh},
  title = {Non-interactive Zero-Knowledge Proofs in the Quantum Random Oracle Model},
  journal = {EUROCRYPT},
  year = {2015}
}

@article{AB09,
  author = {Eric Allender and David Mix Barrington},
  title = {Natural proofs and circuit lower bounds in algebraic complexity},
  journal = {Journal of Computer and System Sciences},
  year = {2009}
}
